*  *  *

knowledge metrics

*  *  *

Unary operations with Knowledge Units
http://dx.doi.org/10.1109/ICSTE.2010.5608840

*  *  *

Micro Learning and Narration
Theo Hug
Institut für Psychosoziale Intervention und Kommunikationsforschung
Universität Innsbruck
Paper presented at the fourth Media in Transition conference
May 6-8, 2005
MIT, Cambridge (MA), USA

Structured Note-taking
International Center for Leadership in Education
N Orange County Regional Occupational Program

*  *  *

Everything as a service

Coupling

Microservices

SWEBOK
Guide to the Software Engineering Body of Knowledge
v3.0
Pierre Bourque
Richard E. Fairley

*  *  *

Google Ventures Library
http://gv.com/library

http://zana.io
Hooked: Habit
Nir Eyal
http://zana.io/lessons/hooked/habit/
Growth vs Hacking
Josh Elman
http://zana.io/lessons/growth/growth-vs-hacking/

http://inspiredprocess.quora.com/Understanding-the-Theory-of-Knowledge-Management

The Architecture of Open Source Applications

Minimum Viable Product: All about developing the minimum viable product

https://medium.com/minimum-viable-product

Your ultimate guide to Minimum Viable Product (+great examples)
David Narsavidze
http://blog.fastmonkeys.com/2014/06/18/minimum-viable-product-your-ultimate-guide-to-mvp-great-examples/

Getting Real
37signals
2006

*  *  *

How to Start a Startup
Paul Graham
http://paulgraham.com/start.html

On Startups: A series about launching a startup, from inception through to exit strategy
Will Dayble
https://medium.com/how-to-do-a-startup

1) Thinking Like a Startup
https://medium.com/how-to-do-a-startup/1-thinking-like-a-startup-1ff4ce56d588

2) Intrapreneurs
https://medium.com/how-to-do-a-startup/2-intrapreneurs-358d7cd6c197

3) Freakin’ Do It
https://medium.com/how-to-do-a-startup/3-freakin-do-it-e9c1305427b4

4) Minimum Viable Product
https://medium.com/how-to-do-a-startup/4-minimum-viable-product-15a7702a832f

5) Brand Co-creation
https://medium.com/how-to-do-a-startup/5-brand-co-creation-d7e646a5faf0

*  *  *

How To Write A Startup Marketing Plan
Michael Troiano
https://medium.com/@miketrap/how-to-write-a-startup-marketing-plan-a6e58bc21dbb

Information Architecture for the World Wide Web: Designing Large-Scale Web Sites (3rd Ed)
Peter Morville
Louis Rosenfeld
O'Reilly Media

Web 2.0 Architectures: What entrepreneurs and information architects need to know
James Governor
Dion Hinchcliffe
Duane Nickull
O'Reilly Media

Irresistible Apps Motivational Design Patterns for Apps, Games, and Web-based Communities
Chris Lewis
Appress

Functional Reactive Programming

*  *  *

Linked Data: Structured data on the Web
David Wood
Marsha Zaidman
Luke Ruth
Michael Hausenblas
Manning

*  *  *

The Art of Scalability
Martin L. Abbott
Michael T. Fisher
Addison-Wesley

Scalability Rules: 50 Principles for Scaling Web Sites
Martin L. Abbott
Michael T. Fisher
Addison-Wesley

The Architecture of Open Source Applications
http://aosabook.org

*  *  *

Search Patterns: Design for Discovery
Peter Morville, Jeffery Callender
O'Reilly Media

UXPin Resource

User Story Mapping

*  *  *


