human computer interaction

Progressive disclosure

10 Heuristics for User Interface Design
Jakob Nielsen
January 1, 1995
http://www.nngroup.com/articles/ten-usability-heuristics/

How to Conduct a Heuristic Evaluation
Jakob Nielsen
January 1, 1995
http://www.nngroup.com/articles/how-to-conduct-a-heuristic-evaluation/

