@STRING{ pp	= {The Pragmatic Programmers, LLC} }
@string{ ai  = {Artificial Intelligence} }
@string{ tit = {{IEEE} Transactions on Information Theory} }

@incollection{Pomerol2001Relation,
	title = {About Some Relationships between Knowledge and Context},
	author = {Pomerol, J.-Ch. and Brézillon, P.},
	date = {2001-10-07},
	publisher = {Springer Berlin Heidelberg},
	pages = {461-464},
	language = {English},
	isbn = {978-3-540-42379-9},
	booktitle = {Modeling and Using Context},
	volume = {2116},
	series = {Lecture Notes in Computer Science},
	editor = {Akman, Varol and Bouquet, Paolo and Thomason, Richmond and Young, Roger},
	doi = {10.1007/3-540-44607-9_44},
	url = {http://dx.doi.org/10.1007/3-540-44607-9_44}
}

@article{Liew2007Understanding,
  title = {Understanding data, information, knowledge and their inter-relationships},
  author = {Anthony Liew},
  journal = {Journal of Knowledge Management Practice},
  volume = {8},
  number = {2},
  year = {2007},
  month = {June},
  pages = {1--16},
  url = {http://tlainc.com/articl134.htm}
}

@book{Uriarte2018IntroKM,
  title = {Introduction to Knowledge Management},
  subtitle = {A Brief Introduction to the Basic Elements of Knowledge Management for Non-practitioners Interested in Understanding the Subject},
  author = {Filemon A. Uriarte},
  year = {2008},
  publisher = {ASEAN Foundation},
  ISBN = {978-979-19684-0-9},
  url = {http://aseanfoundation.org/documents/knowledge_management_book.pdf}
}

@incollection{Panela2011mikrow,
title = {miKrow: Semantic Intra-enterprise Micro-Knowledge Management System},
year = {2011},
publisher = {Springer Berlin Heidelberg},
keywords = {enterprise 2.0; knowledge management; social software; web 2.0; microblogging},
AUTHOR = {Víctor Penela and Guillermo Álvaro and Carlos Ruiz Moreno and Carmen Córdoba and Francesco Carbone and Michelangelo Castagnone and Jose Manuél Gómez-Pérez and Jesús Contreras},
isbn = {978-3-642-21063-1},
booktitle = {The Semanic Web: Research and Applications (ESWC (2)'11)},
volume = {6644},
series = {Lecture Notes in Computer Science},
editor = {Antoniou, Grigoris and Grobelnik, Marko and Simperl, Elena and Parsia, Bijan and Plexousakis, Dimitris and De Leenheer, Pieter and Pan, Jeff},
doi = {10.1007/978-3-642-21064-8_11},
pages = {154-168},
language = {English},
url = {http://lab.isoco.net/files/publications/PenelaEtAlESWC2011.pdf},
urldate = {2014-12-20}
}

@incollection{Foster2014Intro,
  author = {Foster, Elvis C and Godbole, Shripad V},
  year = {2014},
  title = {Introduction to Database Systems},
  booktitle = {Database Systems},
  booksubtitle = {A Pragmatic Approach},
  publisher = {Apress},
  doi = {10.1007/978-1-4842-0877-9},
  isbn = {978-1-4842-0878-6},
  pages = {3-5}
}

@book{TechTerms:2014:DBMS,
  title = {The Tech Terms Computer Dictionary},
  note = {DBMS},
  year = {2014},
  publisher = {Per Christensson},
  url = {http://techterms.com/definition/dbms},
  urldate = {2014-12-12}
}

@online{MongoDB:2015:NoSQL,
title = {NoSQL Databases Explained},
author = {{MongoDB Inc.}},
year = {2015},
url = {http://mongodb.com/nosql-explained},
urldate = {2015-01-12}
}

@book{Tarkoma2012PubSub,
  title = {Publish / Subscribe Systems: Design and Principles},
  author = {Sasu Tarkoma},
  isbn = {9781118354292},
  lccn = {2012017050},
  series = {Wiley Series on Communications Networking \& Distributed Systems},
  year = {2012},
  publisher = {Wiley},
  url = {http://books.google.de/books?id=RxsyCBr9eLMC}
}

@book{Hunt1999Pragmatic,
  title = {The Pragmatic Programmer: From Journeyman to Master},
  author = {Hunt, Andrew and Thomas, David},
  year = {1999},
  ISBN10 = {0-201-61622-X},
  ISBN13 = {978-0201616224},
  publisher = {Addison-Wesley Longman Publishing Co., Inc.},
  address = {Boston, MA, USA},
  url = {https://pragprog.com/book/tpp/the-pragmatic-programmer}
}

@book{MacCaw2012Coffee,
  author = {Alex MacCaw},
  title = {The Little Book on CoffeeScript},
  year = {2012},
  publisher = {O'Reilly Media},
  ISBN = {978-1-4493-2105-5},
  url = {http://arcturo.github.io/library/coffeescript},
  urldate = {2015-02-01}
}

@online{Rasmusson2015Agile,
  author = {Jonathan Rasmusson},
  title = {Agile in a Nutshell},
  year = {2015},
  url = {http://agilenutshell.com/what_is_agile},
  urldate = {2015-02-09},
}

@online{Beck2001Manifesto,
  title = {Manifesto for Agile Software Development},
  year = {2001},
  publisher = {Agile Alliance},
  author = {Kent Beck and et al},
  url = {http://agilemanifesto.org},
  urldate = {2014-12-20}
}

@online{Montgomery2013MWT,
  author = {Brad Montgomery},
  title = {The Minimum Working Thing},
  date = {2013-07-17},
  url = {https://medium.com/@bkmontgomery/the-minimum-working-thing-244c7a6d0598},
  urldate = {2015-02-10},
}

@online{Mercury2014MVP,
  author = {{Mercury Development}},
  title = {MVP – When Less Is More},
  date = {2014-06-06},
  url = {http://blog.mercdev.com/mvp-when-less-is-more},
  urldate = {2015-02-10}
}

@book{BD2015Knowledge,
  title = {Business Dictionary},
  note = {Knowledge},
  year = {2014},
  publisher = {WebFinance, Inc.},
  url = {http://businessdictionary.com/definition/knowledge.html},
  urldate = {2014-12-28}
}

@book{BD2015KMS,
  title = {Business Dictionary},
  note = {Knowledge Management System},
  year = {2014},
  publisher = {WebFinance, Inc.},
  url = {http://businessdictionary.com/definition/knowledge.html},
  urldate = {2014-12-28}
}

@book{Brun:2015:ABCKM:6,
  title = {ABC of Knowledge Management},
  author = {Caroline De Brún},
  date = {July 2005},
	page = {6},
  publisher = {NHS National Library for Health: Knowledge Management Specialist Library},
  url = {http://fao.org/fileadmin/user_upload/knowledge/docs/ABC_of_KM.pdf},
  urldate = {2015-02-11}
}

@article{Call2005KM,
  title = {Knowledge management – not rocket science},
  author = {Dean Call},
  journal = {Journal of Knowledge Management},
  year = {2005},
  vol = {9},
  number = {2},
  pages = {19--30},
  doi = {10.1108/13673270510590191},
  url = {http://j.pelet.free.fr/publications/km/Knowledge_management_not_rocket_science.pdf},
  urldate = {2015-02-11}
}

@book{Dalkir2005KM,
  title = {Knowledge Management in Theory and Practice},
  author = {Kimiz Dalkir},
  publisher = {Elsevier},
  year = {2005},
  ISBN = {0-7506-7864-X}
}

@book{Dalkir2013KM,
  title = {Knowledge Management in Theory and Practice},
  author = {Kimiz Dalkir},
  publisher = {Routledge},
  date = {2013-09-05},
  url = {https://books.google.co.id/books?id=QcC61an8glkC},
  urldate = {2015-01-15}
}

@book{Navy2001MetricsKM,
  title = {Metrics Guide for Knowledge Management Initiatives},
  author = {{Department of The Navy}},
  year = {2001},
  month = {August},
  url = {http://cloud.snappages.com/b8898dc2c08e137d03449de65b9e82e108c15658/metricsguide.pdf},
  urldate = {2014}
}

@book{Knoco2014KMM,
  title = {Knowledge Management Metrics Guidance},
  author = {{Knoco Ltd}},
  year = {2014},
  url = {http://knoco.com/knowledge-management-metrication.htm},
  urldate = {2014}
}

@book{Hawamdeh2003KM,
  title = {Knowledge Management: Cultivating Knowledge Professionals},
  author = {Suliman Al-Hawamdeh},
  publisher = {Elsevier},
  date = {October 31, 2003},
  url = {https://books.google.com/books?id=HfOiAgAAQBAJ},
  urldate = {2014}
}

@book{Mentzas2003KAM,
  title = {Knowledge Asset Management: beyond the process-centred and product-centred approaches},
  author = {Gregoris Mentzas},
  publisher = {Springer Science & Business Media},
  year = {2003},
  url = {https://books.google.com/books?id=xaeksFqL9QwC},
  urldate = {2014}
}

@book{Pauleen2012PKM,
  title = {Personal Knowledge Management: Individual, Organizational and Social Perspectives},
  author = {Dr David J Pauleen and Professor Gary E Gorman},
  publisher = {Gower Publishing, Ltd.},
  date = {August 28, 2012},
  url = {https://books.google.com/books?id=Rl5irOYCPioC},
  urldate = {2014}
}

@book{Linda2006Innovation,
  title = {Innovation in the Corporate Service Organization and the use of Knowledge Management across Projects},
  author = {{Linda Coussement I970696}},
  date = {July 10, 2006},
  publisher = {International Business Studies}
}

@online{Frost2010KM,
  author = {Alan Frost},
  year = {2010},
  url = {http://knowledge-management-tools.net},
  urldate = {2015-02-10}
}

@article{Frost2014Synthesis,
  title = {A Synthesis of Knowledge Management Failure Factors},
  author = {Alan Frost},
  date = {January 25, 2014},
  url = {http://knowledge-management-tools.net/failure.html},
  urldate = {2015-02-10}
}

@book{McCreary2014NoSQL,
  title = {Making Sense of NoSQL},
  author = {Dan McCreary and Ann Kelly},
  year = {2014},
  publisher = {Manning},
  page = {4}
}

@book{Redmond:2012:DB:MongoDB,
  title = {Seven Databases in Seven Weeks: A Guide to Modern Databases and the NoSQL Movement},
  author = {Eric Redmond and Jim R. Wilson},
  date = {2012-05-11},
  publisher = {Pragmatic Bookshelf},
  ISBN = {978-1-93435-692-0},
  page = {135--136}
}

@book{Seguin2010MongoDB,
title = {The Little MongoDB Book},
author = {Karl Seguin},
year = {2010},
url = {http://openmymind.net/mongodb.pdf},
page = {4}
}

@book{Flanagan:2011:JS,
title = {JavaScript: The Definitive Guide, Sixth Edition},
edition = {6},
author = {David Flanagan},
publisher = {O’Reilly Media},
year = {2011}
}

@book{Haverbeke2014EloquentJS,
title = {Eloquent JavaScript: A Modern Introduction to Programming},
edition = {2},
author = {Marijn Haverbeke},
year = {2014},
publisher = {No Starch Press}
}

@techreport{ECMA:2011:ECMAScript,
title = {Standard ECMA-262: ECMAScript\textsuperscript{\textregistered} Language Specification},
edition = {5.1},
author = {{Ecma International}},
institution = {Ecma International},
year = {2011},
month = {June},
url = {http://ecma-international.org/publications/standards/Ecma-262.htm},
note = {http://ecma-international.org/ecma-262/5.1/}
}

@techreport{ECMA:2013:JSON,
title = {Standard ECMA-404: The JSON Data Interchange Format},
author = {{Ecma International}},
institution = {Ecma International},
year = {2013},
month = {October},
url = {http://ecma-international.org/publications/standards/Ecma-404.htm}
}

@online{Joyent:2015:Node,
title = {Node.js},
author = {{Joyent Inc.}},
year = {2015},
url = {https://nodejs.org}
}

@book{:node,
title = {},
author = {},
publisher = {},
date = {2014-03-05},
url = {}
}

@book{Vincent:2014:npm,
title = {npm recipes},
author = {Seth Vincent},
publisher = {Leanpub},
date = {2014-03-05},
url = {http://leanpub.com/npm-recipes}
}

@online{iojs:2015,
title = {io.js},
author = {{io.js Team}},
year = {2015},
url = {https://iojs.org/en/faq.html}
}

@online{Meteor2015,
title = {Meteor},
year = {2015},
author = {{Meteor Development Group}},
url = {https://meteor.com}
}

@book{Coleman2014Meteor,
title = {Discover Meteor},
author = {Tom Coleman and Sacha Greif},
edition = {1.7},
date = {2014-10-28},
url = {https://book.discovermeteor.com}
}

@book{Hochhaus2014Meteor,
title = {Meteor in Action},
author = {Stephan Hochhaus and Manuel Schoebel},
year = {2014},
edition = {MEAP},
publisher = {Manning},
url = {http://meteorinaction.com}
}

@book{Myers:2012:Testing:6,
title = {The Art of Software Testing, 3rd Edition},
edition = {3},
author = {Glenford J. Myers and Corey Sandler and Tom Badgett},
ISBN10 = {1118031962},
ISBN13 = {978-1-118-03196-4},
date = {2011-10-08},
page = {6}
}

@book{Hatoum:2015:MeteorTestingManual,
title = {The Meteor Testing Manual},
author = {Sam Hatoum},
year = {2015},
url = {http://meteortesting.com}
}

@book{Chacon:2014:ProGit:27,
title = {Pro Git},
author = {Scott Chacon and Ben Straub},
edition = {2},
date = {2014-12-24},
publisher = {Apress},
ISBN10 = {1484200772},
ISBN13 = {978-1-484-20077-3},
url = {http://git-scm.com/book},
page = {27}
}

@online{Git2010,
title = {Git: Fast version control system},
author = {Linus Torvalds and Junio Hamano},
year = {2015},
url = {http://git-scm.com}
}

@online{GitHub2015,
title = {About GitHub},
author = {{GitHub, Inc.}},
year = {2015},
url = {https://github.com/about}
}

@online{Trentini2015WM,
title = {What's the difference between wireframes and mockups?},
author = {Yisela Alvarez Trentini},
date = {2015-02-09},
url = {http://yisela.com/whats-difference-wireframes-mockups},
urldate = {2015-02-24}
}

@misc{Aigner:2004:AppFramework,
  title = {Application framework},
  author = {Aigner, W. and Beringer, J. and Mueller, S. and Agassi, S. and Moore, D. and Hagedorn, J. and Waibel, U.},
  year = {2004},
  month = {Sep},
  publisher = {Google Patents},
  note = {US Patent App. 10/657,726},
  url = {https://wgoogle.com/patents/US20040187140}
}

@misc{Badenell:2010:DesktopAppFramework,
  title = {Desktop application framework},
  author = {Badenell, J.E. and Longacre, M.},
  year = {2010},
  month = {Mar}, # }}~23},
  publisher = {Google Patents},
  note = {US Patent 7,685,598},
  url = {http://www.google.co.in/patents/US7685598}
}

@misc{Addala:2013:InteractiveWebAppFramework,
  title = {Interactive Web Application Framework},
  author = {Viswanadh Addala},
  year = {2013},
  month = {April},
  day = {4},
  number = {US 13/250,537},
  type = {Patent},
  version = {},
  location = {US},
  publisher = {Google Patents},
  note = {US Patent App. 13/250,537},
  url = {http://google.com/patents/US20130086020}
}

@techreport{Maler:04:EML,
author      = {Eve Maler and Jean Paoli and C. M. Sperberg-McQueen and Fran\c{c}ois Yergeau and Tim Bray},
title       = {Extensible Markup Language ({XML}) 1.0 (Third Edition)},
month       = {Feb},
note        = {http://www.w3.org/TR/2004/REC-xml-20040204},
year        = {2004},
type        = {first Edition of a Recommendation},
institution = {W3C},
}

@book{Winograd1996DesignSoftware,
  title = {Bringing Design to Software},
  author = {Terry Winograd and John Bennett and Laura De Young and Bradley Hartfield},
  year = {1996},
  ISBN = {0-201-85491-0},
  pages = {310 pp},
  publisher = {Addison-Wesley},
  url = {http://hci.stanford.edu/publications/bds},
  urldate = {2014}
}

@online{Linowski2014GoodUI,
  title = {GoodUI: Good User Interface},
  author = {Jakub Linowski and Vlad Malik},
  year = {2014},
  publisher = {Linowski Interaction Design},
  url = {http://goodui.org},
  urldate = {2014}
}

@misc{Strategyzer2011BMC,
  title = {Business Model Canvas Explained},
  author = {Strategyzer},
  year = {2011},
  date = {2011-09-01},
  type = {Motion picture},
  url = {https://youtube.com/watch?v=QoAOzMTLP5s},
  urldate = {2014-05-13}
}
