JavaScript

Node.js

RFC 7159
The JavaScript Object Notation (JSON) Data Interchange Format
http://tools.ietf.org/html/rfc7159

JSON.org
Ecma International
http://json.org

JSON.com
Dave Romero
http://json.com

JSON-LD: JSON for Linking Data
http://json-ld.org

MessagePack

WebSocket

The WebSocket API
http://dev.w3.org/html5/websockets

WebSocket.org: WebSocket Community
http://websocket.org

Websockets: 5 Advantages of Using Websockets
Engine Yard
https://www.engineyard.com/articles/websocket

Reactive Manifesto

Web Service

RPC

@book{tarkoma2012publish,
  title = {Publish / Subscribe Systems: Design and Principles},
  author = {Sasu Tarkoma},
  series = {Wiley Series on Communications Networking \& Distributed Systems},
  year = {2012},
  publisher = {Wiley},
  isbn = {9781118354292},
  lccn = {2012017050},
  url = {http://books.google.de/books?id=RxsyCBr9eLMC}
  % http://onlinelibrary.wiley.com/book/10.1002/9781118354261
}

WAMP: Web Application Messaging Protocol
Tavendo GmbH and contributors
http://wamp.ws

Why AJAX Isn't Enough
Smashing Magazine
http://www.smashingmagazine.com/2015/01/13/why-ajax-isnt-enough/

Meteor

nginx


*  *  *

https://github.com/trentm/json
https://github.com/konklone/json
https://github.com/bower/json
https://github.com/jdorn/json-editor

https://github.com/KSDaemon/wampy.js

https://github.com/digitalbazaar/jsonld.js

*  *  *

