Software engineering
https://en.wikipedia.org/wiki/Software_engineering

Software system
https://en.wikipedia.org/wiki/Software_system

Component-based software engineering
https://en.wikipedia.org/wiki/Component-based_software_engineering

Application programming interface
https://en.wikipedia.org/wiki/Application_programming_interface
Public & Private

Resource Description Framework
https://en.wikipedia.org/wiki/Resource_Description_Framework

Coupling (computer programming)
https://en.wikipedia.org/wiki/Coupling_(computer_programming)

Cohesion (computer science)
https://en.wikipedia.org/wiki/Cohesion_(computer_science)

Semantic URL
https://en.wikipedia.org/wiki/Semantic_URL

Data curation
https://en.wikipedia.org/wiki/Data_curation

Microlearning
https://en.wikipedia.org/wiki/Microlearning

Comet (programming)
https://en.wikipedia.org/wiki/Comet_(programming)

Linked data
https://en.wikipedia.org/wiki/Linked_data

WebSocket
https://en.wikipedia.org/wiki/WebSocket

Startup company
http://en.wikipedia.org/wiki/Startup_company

Hacker ethic
https://en.wikipedia.org/wiki/Hacker_ethic

